<?xml version="1.0" encoding="UTF-8"?><collection xmlns="http://www.loc.gov/MARC21/slim"><record><leader>00504nam--2200169-u-4500</leader><controlfield tag="001">000051636</controlfield><controlfield tag="002">20161230</controlfield><controlfield tag="005">20161230201049</controlfield><controlfield tag="008">080811s1000------------r-----000-0-eng-d</controlfield><datafield ind1=" " ind2=" " tag="040"><subfield code="a">IFIN-HH</subfield></datafield><datafield ind1="1" ind2=" " tag="100"><subfield code="a">Paltineanu, Gavril</subfield></datafield><datafield ind1="1" ind2="0" tag="245"><subfield code="a">Elemente de teoria aproximarii functiilor continue. Teoreme de tip Stone-Weierstrass)</subfield></datafield><datafield ind1=" " ind2=" " tag="260"><subfield code="a">Bucuresti</subfield><subfield code="b">Editura Republicii Socialiste Romania</subfield><subfield code="c">1982</subfield></datafield><datafield ind1=" " ind2=" " tag="300"><subfield code="a">170 p</subfield></datafield><datafield ind1="1" ind2=" " tag="700"><subfield code="a">Gavril Paltineanu</subfield></datafield><datafield ind1=" " ind2=" " tag="852"><subfield code="a">49954</subfield><subfield code="c">517.5</subfield></datafield><datafield ind1=" " ind2=" " tag="CAT"><subfield code="a">Sys</subfield><subfield code="c">20080811</subfield><subfield code="h">135435</subfield></datafield></record></collection>